@article{hittingtime,
    author =       "Daniel Boley and Gyan Ranjan and Zhi-li Zhang",
    title =        "Commute Times for a Directed Graph using an Asymmetric Laplacian",
    year =         "2010",
    url =          "http://www.sciencedirect.com/science/article/pii/S0024379511000668"
}
 
@article{linkpredsocial,
    author    = "David Liben-Nowell and Jon Kleinberg",
    title     = "The Link-Prediction Problem for Social Networks",
    year      = "1993",
    publisher = "Journal of the American Society for Information Science and Technology",
    url		  = "http://dl.acm.org/citation.cfm?id=956972"
	
}
@article{voter_model,
    author    = "V. Sood and Tibor Antal and S. Redner",
    title     = "Voter Models on Heterogeneous Networks",
    year      = "1993",
    publisher = "Journal of the American Society for Information Science and Technology",
    url		  = "http://dl.acm.org/citation.cfm?id=956972"
	
}
@article{cccp,
    author    = "Bharath K. Sriperumbudur and Gert R. G. Lanckriet",
    title     = "On the Convergence of the Concave-Convex Procedure",
    year      = "2009",
    publisher = "NIPS",
    url		  = "http://papers.nips.cc/paper/3646-on-the-convergence-of-the-concave-convex-procedure.pdf"	
}
@inproceedings{opinion_old_work,
 author = {De, Abir and Bhattacharya, Sourangshu and Bhattacharya, Parantapa and Ganguly, Niloy and Chakrabarti, Soumen},
 title = {Learning a Linear Influence Model from Transient Opinion Dynamics},
 booktitle = {Proceedings of the 23rd ACM International Conference on Conference on Information and Knowledge Management},
 series = {CIKM '14},
 year = {2014},
 isbn = {978-1-4503-2598-1},
 location = {Shanghai, China},
 pages = {401--410},
 numpages = {10},
 url = {http://doi.acm.org/10.1145/2661829.2662064},
 doi = {10.1145/2661829.2662064},
 acmid = {2662064},
 publisher = {ACM},
 address = {New York, NY, USA},
 keywords = {influence model, opinion dynamics, social network},
}